@manual{Bates2012,
title = {lme4: Linear mixed-effects models using S4 classes},
author = {Douglas Bates and Martin Maechler and Ben Bolker},
year = {2012},
note = {R package version 0.999999-0},
url = {http://CRAN.R-project.org/package=lme4}
}

@article{Betancur2013,
author = {{Betancur-R}, Ricardo and Li, Chenhong and Munroe, Thomas A. and Ballesteros, Jesus A. and Orti, Guillermo},
title = {Addressing Gene Tree Discordance and Non-Stationarity to Resolve a Multi-Locus Phylogeny of the Flatfishes {(Teleostei: Pleuronectiformes)}},
journal = {Systematic Biology},
year = {2013},
volume = {62},
number = {5},
pages = {763--785}
}


@article{Castresana2000,
author = {Castresana, Jose},
title = {Selection of Conserved Blocks from Multiple Alignments for Their Use in Phylogenetic Analysis},
journal = {Molecular Biology and Evolution},
year = {2000},
volume = {17},
number = {4},
pages = {540--552}
}


@article{Dwivedi2009,
author = {Dwivedi, Bhakti and Gadagkar, Sudhindra R},
title = {Phylogenetic inference under varying proportions of indel--induced alignment gaps},
journal = {BMC Evolutionary Biology},
year = {2009},
volume = {9},
number = {1},
pages = {211}
}

@article{Edgar2004,
author={Edgar, Robert C},
year={2004},
article={{MUSCLE}: multiple sequence alignment with high accuracy and high throughput},
journal={Nucleic Acids Research},
volume={32},
issue={5},
pages={1792--1797}
}

@article{Fletcher2009,
author = {Fletcher, W and Yang, Z},
title = {{INDELible: A Flexible Simulator of Biological Sequence Evolution}},
journal = {Molecular Biology and Evolution},
year = {2009},
volume = {26},
number = {8},
pages = {1879--1888},
}


@article{Fletcher2010,
author = {Fletcher, W and Yang, Z},
title = {{The Effect of Insertions, Deletions, and Alignment Errors on the Branch--Site Test of Positive Selection}},
journal = {Molecular Biology and Evolution},
year = {2010},
volume = {27},
number = {10},
pages = {2257--2267},
}


@article{Friedman2002,
author = {Friedman, N and Ninio, M and {Pe'er}, I and Pupko, T},
title = {A Structural {EM} Algorithm for Phylogenetic Inference},
journal = {Journal of Computational Biology},
year = {2002},
volume = {9},
issue = {2},
pages = {331--353}
}

@article{Hothorn2008,
title = {Simultaneous Inference in General Parametric Models},
author = {Torsten Hothorn and Frank Bretz and Peter Westfall},
journal = {Biometrical Journal},
year = {2008},
volume = {50},
number = {3},
pages = {346--363}
}


@article{Jordan2011,
author = {Jordan, G and Goldman, N},
title = {The Effects of Alignment Error and Alignment Filtering on the Sitewise Detection of Positive Selection},
journal = {Mol Biol Evol},
year = {2011},
volume = {29},
issue = {4},
pages = {1125--1139}
}

@article{Katoh2002,
author = {Katoh, Kazutaka and Misawa, Kazuharu and Kuma, Kei--Ichi and Miyata, Takashi},
title = {{MAFFT}: a novel method for rapid multiple sequence alignment based on fast {F}ourier transform},
journal = {Nucleic Acids Res},
year = {2002},
volume = {30},
issue = {14},
pages = {3059--3066}
}

@article{Katoh2005,
author={Katoh, Kazutaka and Kuma, Kei--Ichi and Toh, Hiroyuki and Miyata, Takashi},
title={{MAFFT} version 5: improvement in accuracy of multiple sequence alignment},
journal = {Nucleic Acids Res},
year={2005},
volume={33},
issue={2},
pages={511--518}
}

@article{MarkovaRaina2011,
author = {Markova--Raina, P and Petrov, D},
title = {{High sensitivity to aligner and high rate of false positives in the estimates of positive selection in the 12 Drosophila genomes}},
journal = {Genome Research},
year = {2011},
volume = {21},
number = {6},
pages = {863--874}
}

@article{Meyer2012,
author={Meyer, A G and Wilke, C O},
title={Integrating sequence variation and protein structure to identify sites under selection},
journal = {Mol Biol Evol},
year={2012},
volume={30},
pages={36--44}
}

@article{Murrell2013,
author = {Murrell, B and Moola, S and Mabona, A and Weighill, T and Scheward, D and {Kosakovsky Pond}, S L and Scheffler, K},
title = {{FUBAR}: A {F}ast, {U}nconstrained {B}ayesian {A}pp{R}oximation for inferring selection},
journal = {Molecular Biology and Evolution},
year = {2013},
volume = {30},
issue = {5},
pages = {1196--1205}
}

@aticle{Notredame2000,
author = {Notredame, C and Higgins, D G and Heringa J},
title = {{T--Coffee}: a novel method for fast and accurate multiple sequence alignment},
journal = {J Mol Biol},
year = {2000},
volume = {302},
pages = {205--â€“217}
}

@article{Nuin2006,
author = {Nuin, Paulo A S and Wang, Zhouzhi and Tillier, Elisabeth R M},
title = {The accuracy of several multiple sequence alignment programs for proteins},
journal = {BMC Bioinformatics},
year = {2006},
volume = {7},
pages = {471}
}

@article{Ogden2006,
author = {Ogden, T Heath and Rosenberg, Michael S},
title = {{Multiple Sequence Alignment Accuracy and Phylogenetic Inference}},
journal = {Systematic Biology},
year = {2006},
volume = {55},
number = {2},
pages = {314--328},
}


@article{Paradis2004,
author={Paradis, E and Claude, J and Strimmer, K},
title={{APE}: analyses of phylogenetics and evolution in R language},
journal={Bioinformatics},
year={2004},
volume={20},
issue={2},
pages={289--290}
}


@article{Penn2010,
author = {Penn, O and Privman, E and Landan, G and Graur, D and Pupko, T},
title = {An Alignment Confidence Score Capturing Robustness to Guide Tree Uncertainty},
journal = {Mol Biol Evol},
year = {2010},
volume = {27},
issue = {8},
pages = {1759--1767}
}

@article{Pond2005,
author = {{Kosakovsky Pond}, Sergei L. and Frost, Simon D. W. and Muse, Spencer V.},
title = {{HyPhy}: hypothesis testing using phylogenies},
journal = {Bioinformatics},
year = {2005},
volume = {12},
issue = {5},
pages = {676--679}
}

@article{Price2010,
author={Price, Morgan N and Dehal, Paramvir S and Arkin, Adam P},
title={{FastTree2}: Approximately maximum--likelihood trees for large alignments},
journal={PLoS One},
volume={5},
year={2010},
issue={3},
pages={e9490},
}

@article{Privman2012,
author = {Privman, E and Penn, O and Pupko, T},
title = {Improving the Performance of Positive Selection Inference by Filtering Unreliable Alignment Regions},
journal = {Mol Biol Evol},
year = {2012},
volume = {29},
issue = {1},
pages = {1--5}
}

@article{Schneider2009,
author = {Schneider, A and Souvorov, A and Sabath, N and Landan, G and Gonnet, G H and Graur, D},
title = {Estimates of Positive Darwinian Selection Are Inflated by Errors in Sequencing, Annotation, and Alignment},
journal = {Genome Biology and Evolution},
year = {2009},
volume = {1},
number = {0},
pages = {114--118}
}

@article{Spielman2013,
author={Spielman, S J and Wilke, C O},
title={Membrane Environment Imposes Unique Selection Pressures on Transmembrane Domains of {G protein--coupled receptors}},
journal={Journal of Molecular Evolution},
year={2013},
volume={76},
pages={172--182}
}

@article{Stamatakis2006,
author = {A. Stamatakis},
title = {{RAxML-VI-HPC}: maximum likelihood-based phylogenetic analyses with thousands of taxa and mixed models},
journal = {Bioinformatics},
year = {2006},
volume = {22:21},
pages = {2688--2690}
}

@article{Stone2007,
author = {Stone, EA and Sidow, A},
title = {Constructing a meaningful evolutionary average at the phylogenetic center of mass},
journal = {BMC Bioinformatics},
year = {2007},
volume = {8},
pages = {222}
}

@article{Sukumaran2010,
author = {Sukumaran, J. and Mark T. Holder},
year={2010},
title={{DendroPy}: A Python library for phylogenetic computing},
journal={Bioinformatics},
volume={26},
pages={1569--1571}}


@article{Talavera2007,
author = {Talavera, Gerard and Castresana, Jose},
title = {Improvement of Phylogenies after Removing Divergent and Ambiguously Aligned Blocks from Protein Sequence Alignments},
journal = {Systematic Biology},
year = {2007},
volume = {56},
number = {4},
pages = {564--577}
}

@article{Thompson1994,
author={Thompson, J D and Higgins, D G and Gibson, T J}, 
year={1994},
title={{CLUSTAL W}: improving the sensitivity of progressive multiple sequence alignment through sequence weighting, position--specific gap penalties and weight matrix choice},
journal={Nucleic Acids Research},
volume={22},
pages={4673--4680}
}


@article{Thompson2011,
author = {Thompson, Julie D and Linard, Benjamin and Lecompte, Odile and Poch, Olivier},
title = {A Comprehensive Benchmark Study of Multiple Sequence Alignment Methods: Current Challenges and Future Perspectives},
journal = {PLoS ONE},
year = {2011},
volume = {6},
number = {3},
pages = {e18093},
}

%% Yang papers

%% rel paper
@article{NielsenYang1998,
author = {Nielsen, R. and Z. Yang},
year = {1998},
title = {Likelihood models for detecting positive selected amino acid sites and applications to the {HIV-1} envelope gene},
journal = {Genetics},
volume = {148},
pages = {929--936}
}

%% beb paper
@article{Yang2000,
author = {Yang, Z and Nielsen, R and Goldman, N and Pedersen, A M K },
year = 2000,
title = {Codon-substitution models for heterogeneous selection pressure at amino acid sites},
journal = {Genetics},
volume = 155,
pages = {431--449}
}

%% gy94
@article{GoldmanYang1994,
author = {N. Goldman and Z. Yang},
title = {A codon-based model of nucleotide substitution for protein-coding {DNA} sequences},
journal = {Molecular Biology and Evolution},
year = {1994},
volume = {11},
pages = {725--736}
}

%%paml
@article{Yang2007,
author = {Z. Yang},
title = {{PAML 4}: Phylogenetic Analysis by Maximum Likelihood},
journal = {Molecular Biology and Evolution},
year = {2007},
volume = {24},
pages = {1586--1591}
}


@article{Yang2011,
author={Yang, Y and Maruyama, S and Sekimoto, H and Sakayama, H and Nozaki, H},
year={2011},
title={An extended phylogenetic analysis reveals ancient origin of {``non-green"} phosphoribulokinase genes from two lineages of {``green"} secondary photosynthetic eukaryotes: {Euglenophyta and Chlorarachniophyta}},
journal={BMC Research Notes},
volume={4},
pages={330}
}








